@Article{authorson10:_secon_best_paper_in_world,
  author =	 {Author Authorson and Bob Bobsen},
  title =	 {Second best paper in the world},
  journal =	 {International Journal of Good Papers {(IJGP)}},
  year =	 2010,
  volume =	 1,
  number =	 1,
  pages =	 {1-10},
  month =	 {January}
}

